@book{gubernatis,
  place     = {Cambridge},
  title     = {Quantum Monte Carlo Methods: Algorithms for Lattice Models},
  doi       = {10.1017/CBO9780511902581},
  publisher = {Cambridge University Press},
  author    = {Gubernatis, James and Kawashima, Naoki and Werner, Philipp},
  year      = {2016}
}

@book{fehske,
  doi       = {10.1007/978-3-540-74686-7},
  url       = {https://doi.org/10.1007/978-3-540-74686-7},
  year      = {2008},
  publisher = {Springer Berlin Heidelberg},
  editor    = {H. Fehske and R. Schneider and A. Wei{\ss}e},
  title     = {Computational Many-Particle Physics}
}

@article{Mishchenko,
  doi       = {10.1103/physrevb.62.6317},
  url       = {https://doi.org/10.1103/physrevb.62.6317},
  year      = {2000},
  month     = sep,
  publisher = {American Physical Society ({APS})},
  volume    = {62},
  number    = {10},
  pages     = {6317--6336},
  author    = {A. Mishchenko and N. Prokof'ev and A. Sakamoto and B. Svistunov},
  title     = {Diagrammatic quantum Monte Carlo study of the Fr\"{o}hlich polaron},
  journal   = {Physical Review B}
}

@misc{tasks,
  author       = {{Cesare Franchini}},
  title        = {Basic Diagrammatic Monte Carlo - Exercise sheet},
  year         = {2022},
  note         = {[Online, private; accessed June 24, 2023]},
  howpublished = {\url{https://virtuale.unibo.it/pluginfile.php/1542120/mod_resource/content/1/project_basic_dmc.pdf}}
}

@mastersthesis{ragni,
  author = {S. Ragni, C. Franchini, T. Hahn},
  title  = {Diagrammatic Monte Carlo study of the Holstein polaron},
  school = {Alma Mater Studiorum - University of Bologna},
  year   = {2020}
}

